1833 3037
553 1537 643 94 ALLAIN (Mlle PAULINE),

317 1626 1119 73 Professeur de peinture à Paris, rue de Lille, 37; élève de MM. Le¬

484 1683 785 73 sourd, Chabal, et de Mlle Rosa Bonheur.

653 1726 460 63 Mention honorable en 1859.

354 1783 410 72 6. Nature morte.

374 1845 503 81 7. Raisin et Volubilis.

575 2056 592 61 ALLONGÉ (AUGUSTE),

313 2110 1132 81 A Paris, rue Pavée-Saint-André, 12; élève de M. Léon Cogniet.

351 2181 1073 79 8. La. Moisson aux environs de Meaux (Nan¬

491 2237 126 57 teuil.

364 2277 1063 112 9. Moulin de Sant-Jean-les-Deux-Jumeaux

502 2358 397 85 (Seine-et-Marne).

559 1209 668 84 AIZELIN (Mme SOPHIE),

344 1278 1083 73 A Paris, rue Ménilmontant, 20; élève de M. Devosge et de

776 1334 211 51 Mme Rude.

372 1364 962 101 5. Médée (buste grandeur nature), pastel.

372 830 1035 114 AÏTA DE LA PEMULA (Mlle MATHILDE),

401 929 969 73 A Paris, rue Pigalle, 11; élève de M. Henry Scheffer.

656 993 463 61 Exposition universelle, 1865.

384 1039 377 96 4. Cache-Cache.

344 425 1126 58 Toutefois, celui dont le sang a si glorieusement coulé en Cri¬

326 463 1144 68 mée, l’a, cette fois, à la tête de la Garde, véritablement échappé

324 506 1141 63 belle, car une balle à traversé son képi, et il a eu deux chevaux

326 549 1144 68 tués sous lui; ce qui l’a contraint de finir la bataille sur un

324 589 1146 93 cheval de train avec une selle garnie en peau de mouton,

324 634 319 66 comme un soldat.

501 671 901 88 (Extrait du Monde Illustré du 18 juin 1859).

807 308 198 66 — 20 —
