1874 3037
563 1979 640 76 AZE (VALÈRE-ADOLPHE),

351 2060 1060 64 A Paris, rue Cité-Gaillard, 1; élève de M. Robert Fleury.

344 2125 1089 51 Médaille d’or de 3e classe ; — Mention honorable (Exposition de Paris),

818 2166 146 37 en 1855.

352 2213 770 66 16. Don Garcias, fils de Côme Ier.

367 2282 1084 107 Ayant tué son frère par jalousie, le coupabe, encouragé par

660 366 449 82 ANDRÉ (JULES),

628 442 528 65 A Paris, rue de Laval, 17.

599 504 599 64 Chevalier de la Légion-d’Honneur.

354 565 581 72 10. Forêt de Compiègne.

367 627 1106 86 11. Vue prise sur les bords de la Midouze (Landes).

516 1128 767 68 AUGUIN (LOUIS-AUGUSTIN),

332 1197 1128 68 A Paris et à Rochefort, chez MM. Déforge et Carpentier; élève

417 1256 943 53 de M. Auguin, son père, et de M. Jules Coignet.

362 1314 1066 49 Médailles de bronze, à Poitiers; Mentions honorables, à Blois, à Rouen,

729 1351 331 44 à Limoges, etc., etc.

357 1397 915 69 13. Les Reflets du Crépuscule (paysage).

555 1528 658 90 AUTEROCHE (ALFRED),

362 1619 1052 56 A Paris, quai Napoléon, 13; élève de MM. Léon Cogniet

744 1663 284 52 et Brascassat.

344 1698 1127 88 14. Une Travée décurie à la Ferme impériale de

493 1774 773 70 la Ménagerie (parc de Versailles).

354 1845 777 63 15. Vaches normandes cheminant.

469 755 869 70 ANTHEAUME (XAVIER-MICHEL),

344 822 1117 73 Peintre en miuiature sur porcelaine, à Paris, rue des Marais-

737 884 324 57 Saint-Martin, 82.

357 933 1116 71 12. L’Annonciation de la Vierge, d’après une

511 992 957 86 gravure de Boulogne ( plaque porcelaine).

767 258 240 60 — 21 —
