1874 3037
671 397 511 78 BAYARD (ÉMILE),

364 488 1097 83 Chez M. Lelarge, à Rouen, à Mont-Riboudet, et à Paris,

636 565 564 69 rue Neuve-des-Capucines, 22.

374 635 947 78 26. Deux études de Chevaux ( au fusain).

374 711 1122 81 27. Macafamisage d’un Pont à Paris (étude de

516 769 246 71 chevaux.)

383 836 403 63 28. Un Chasseur.

378 906 395 65 29. Un Aveugle.

369 976 638 66 30. Douze Types d’Aliénés.

367 1045 1117 76 Cette collection a été lithographiée, et forme le complément

341 1111 1137 58 d’un ouvrage du Docteur Morel, de Rouen, sur la dégénéres¬

344 1155 481 51 cense de l’espèce humaine.

557 1999 691 76 BELLANGÉ (HIPPOLYTE)

653 2087 488 67 A Paris, rue de Douai, 57.

617 2168 547 54 Chevalier de la Légion-d’Honneur.

362 2219 1109 91 33. Les Retardataires (départ de la Garde Impé¬

503 2297 965 114 riale pour l'Italie, par le chemin de fer de

523 2357 294 64 Lyon, 1859).

499 1712 812 76 A Paris, rue du Faubourg-Saint-Martin, 167.

371 1812 484 69 32. Sujets Militaires.

373 1437 415 84 31. Effet d’Hiver.

777 1341 273 104 BAYEUX.

645 1596 517 114 BAZIN (EUGÈNE),

807 275 238 76 — 23 —
