1833 3037
592 2204 635 96 BENTABOLE (LOUIS),

675 2272 474 88 A PAris, rue Pigalle, 22.

377 2341 407 86 42. Vue de Calais.

658 1251 511 85 BENNETTER (J.),

344 1323 1157 71 Peintre de marine à Paris, rue du Faubourg-Saint-Honoré, 217,

543 1385 733 54 élève de MM. L. Meyer et T. Gudin.

371 1439 435 69 38. Effet de Lune.

379 1508 1117 56 Une escadre venant en grande large; le premier plan repré¬

349 1553 1144 54 sente un navire marchant (brick), louvoyant et virant de bord,

351 1599 933 52 pour éviter les autres, et apprêtant le signal de nuit.

366 1648 400 66 39. Matin d’Eté.

379 1695 1094 86 Mer Au Nord, au premier plan, un (Hardengerjack), cer¬

339 1761 1154 73 tain navire de cabotage, sur la côte de la Norwège, est abordé

347 1810 312 47 par des pêcheurs.

373 1855 950 76 40. Calme: Estre Bagholmen ( Norwège).

686 1933 746 61 Appartenant à M. J. Deliquaire, à Rouen.

367 1989 1121 76 41. Pêcheurs de Homards dans Bjoornefjord, près

518 2049 523 66 de Bergem (Norwége).

497 379 843 91 BÉNARD (AUGUSTE-SÉBASTIEN),

405 468 1035 96 A Paris, rue de Dunkerque, 85; élève de MM. Granger

818 517 209 53 et Lafond.

378 566 460 75 34. Le Tombereau.

386 641 584 69 35. Le Retour de la ville.

541 794 750 81 BÉNARD (HUBERT-EUGÈNE),

349 863 1152 98 4 Boulogne-sur-Mer, rure de Calais, 3; élève de M. Claudius

815 927 211 49 Jacquand.

366 970 984 74 36. La Brise en rade de Boulogne-sur-Mer.

369 1040 1137 78 37. Barque de Pêcheurs du Portel, levant l’ancre

546 1111 620 63 par un gros temps (marine).

810 270 233 81 — 24 —
