1874 3037
636 2156 604 86 BREST (FABIUS),

341 2247 1029 76 A Paris, rue de l’Enpereur, 46 (faubourg Montmartre).

324 2315 1035 79 74 La Fontaine de Taksim, à Constantinople.

339 2390 1035 78 75. La Fontaine de Galata, à Constantinople.

574 428 709 101 BOUQUET (MICHEL),

321 541 1061 71 A Paris, rue Pigalle, 77, et à Rouen, rue de l'Hôpital, 26.

403 607 918 57 3e et 2e Médailles d’or, à Paris ;— Médaille d’or, à Rouen.

319 656 1033 74 65. Bords du Scorf, près de Lorient (pastel).

319 727 633 79 66. Paysage après la pluie.

531 918 671 69 BOURGEOIS (ISIDORE),

607 992 527 86 A Paris, rue du Regard, 3.

572 1071 574 57 Deux Médailles de bronze, à Rouen.

319 1128 1002 74 67. Les feuilles d’automne (aquarelle).

316 1197 1122 70 68. Vue prise à la vallée d’Oudenare, près Bou¬

481 1257 610 71 logne-sur-Mer (aquarelle).

337 1329 677 62 69 Partie de Forêt, au Tyrol.

327 1391 795 71 70. Village de Jouy, près Chartres.

329 1471 444 60 71. Effet de Neige.

332 1545 758 59 72. Effet de Soleil dans une forêt.

597 1756 527 83 BOYER (AUGUSTE),

325 1840 1088 64 A Paris, rue de Douai, 69; élève de MM. Henri Delaborde.

683 1896 365 69 et Amaury-Duval.

331 1948 568 81 73. Le repos en Egypte.

752 323 245 84 — 27 —
