1833 3037
473 1594 967 83 BRISSOT DE WARVILLE (FÉLIX),

708 1690 483 61 Au Palais de Saint-Cloud.

410 1736 1076 81 Mention honorable, Exposition de Paris, 1859;— Médaille de bronze,

734 1791 435 51 Exposition de Rouen, 1858.

408 1837 619 66 81. Vaches près de la mer.

405 1901 580 74 82. Vaches à l’abreuvoir.

410 1980 653 80 85. Environs de Compiègne.

630 2179 623 73 BROUN (JOHN-LEWIS),

656 2252 577 81 A Paris, rue Rochechouard, 70.

407 2315 1112 91 84. Horde de chiens courants ( équipage du Vau¬

564 2396 165 96 trait).

670 879 589 102 BRIAND (BERNARD),

521 987 888 70 A Paris, rue Jacquart, 3; élève de M. Darbois.

420 1041 1077 65 Médaille de bronze, à Blois, en 1856; Médaille de 1re classe, à Dijon,

896 1088 154 50 en 1858.

415 1126 1121 83 78. Un Groupe, ronde bosse, combat de Mésanges

585 1191 317 72 (bois sculpté).

410 1255 1136 81 79. Un Groupe, nature morte, étude d’après na¬

563 1319 461 66 ture (bois sculpté).

410 1376 1109 94 80. Un Groupe, nature morte, étude d’après na¬

565 1442 265 66 ture (cire).

594 440 745 99 BRETON (JULES-ADOLPHE),

494 533 935 87 A Paris, rue Vanneau, 15; élève de M. Drolling.

394 604 1137 71 Médailles de 3e classe, 1855 — de 2e classe, 1857.— da 1re classe, 1859.

427 659 384 71 76. La Faneuse.

425 733 403 66 77. La Glaneuse.

855 329 236 70 — 28 —
