1833 3037
356 450 988 81 CALLAULT (Mlle MARIE-JULIETTE),

329 528 1029 64 A Paris, rue de l’Abbaye, 10; élève de M. Court.

313 582 656 93 93. Portrait de M.S. C***.

589 2022 519 71 CARTIER (ÉMILE),

544 2115 625 66 A Paris, rue Rochechouart, 80.

558 2183 596 47 Médaille de 3e classe, à Saint-Quentin.

306 2219 1121 99 99. Bœufs dans les pâturages de Nogent-le-Rotrou

475 2296 348 64 (Eure-et-Loir).

298 2341 1134 113 100. Marche d’animaux dans des bruyères, près

442 2421 574 72 Chassant (Eure-et-Loir).

533 1174 611 94 CARLIER (MODESTE),

329 1265 1000 76 A Paris, rue de Hambourg, 66; elève de M. Picot.

550 1334 596 54 Grand Prix de Rome de l’Ecole belge.

315 1385 248 79 96. Idylle.

528 1535 641 79 CABON (Mlle PAULINE),

283 1612 1139 93 à Paris, rue des Petites-Écuries, 15; élève de MM. Th. et Ed.

791 1690 125 47 Frère.

556 1738 580 58 Mention honorable, à Blois, en 1858.

308 1800 642 64 97 Le Déjeûner à la ferme.

320 1871 366 91 98. La Toilette.

559 789 575 81 CAPELLE (EUGÈNE),

278 852 1149 76 Né à Rouen; à Paris, rue Notre-Dame-de-Lorette, 35; à Rouen,

425 916 845 48 rue de Crosne, 2 bis; élève de M. Couture.

303 966 326 69 94. Un Parc.

310 1042 447 68 95. La Promenade.

736 331 231 68 — 30 —
