1874 3037
668 417 615 81 CASSAGNE (ARMAND),

746 506 488 57 A Paris, rue du Bac, 12.

422 549 1155 83 101. Vue du Mont-Valérien, prise des bauteurs de

599 620 496 61 Bougival ( aquarelle).

425 678 1140 78 102. Vue du Pont-de-la-Concorde, prise des bains

594 740 523 66 de Ligny (aquarelle).

427 804 1150 74 103. Vue de Saint-Piere-de-Caen, prise des fossés

622 867 277 62 (âquarelle).

427 916 1153 78 104. Vue de la Fontaine de la rue de Sèvres, à

602 987 410 67 Paris (aquarelle).

435 1054 1096 74 105. Vue prise au mont Saint-Michel (aquarelle).

629 2119 740 77 CHAIGNEAU (FERDINAND),

508 2198 982 62 A Barbison (Seine-et-Marne); élève de MM. Picot

850 2255 287 58 et Brascassat.

435 2308 707 59 110. Jeune Femme Bordelaise.

435 2366 1142 78 111. rentrée des champs (effet de soleil couchant).

747 1866 490 75 CAZES (ROMAIN),

521 1936 947 86 A Paris, rue de Babylone, 48; élève le M. Ingres.

430 2009 662 61 109. Une Nymphe endormie.

710 1572 557 93 CAUDRON (JULES).

438 1663 363 78 107. La Leçon.

440 1731 1074 63 108. Intérieur de Pêcheur de la baie de Somme.

646 1201 706 79 CASTAN (P.-L.-EDMOND),

496 1280 998 68 Peintre et Graveur, à Paris, rue d’Enfer, 54, élève de

874 1336 248 52 M. Drolling.

427 1384 1158 82 106. Vue prise dans le département du Gers (effet

606 1444 260 64 de Matin).

871 293 238 73 — 31 —
