1874 3037
321 2125 1142 79 CONSTANTIN (AUGUSTE-ARISTIDE-FERNAND),

321 2219 1145 86 A Paris, rue de Lancry, 14; élève de MM. Picot et Couture.

329 2286 454 62 131. Nature morte.

334 2355 645 84 132. Eaux fortes (gravure).

631 1788 511 78 COLIN (GUSTAVE),

430 1876 934 55 A Paris, rue des Martyrs, 66; élève de M. Corot.

319 1928 1162 78 130. La Sortie de la Messe à Gèdre (Hautes-Pyré¬

508 1992 147 56 nées).

547 377 698 92 CHINTREUIL (ANTOINE),

464 474 861 60 A Paris, rue de Seine, 47, élève de M. Corot.

329 536 624 64 124. Les Foins (paysage).

334 599 742 71 125. La Prairie (effet de rosée).

334 678 753 66 126. Une route (effet de matin).

392 827 1008 79 CLÈRE (JACQUES-FRANÇOIS-CAMILLE),

575 912 643 56 A Paris, boulevard du Temple, 36.

334 973 1035 62 127. Jeune Pâtre dans la campagne de Rome.

341 1046 964 76 128. Etude de jeune Paysanne napolitaine.

548 1191 686 82 COESSIN DE LA FOSSE,

395 1292 992 61 A Paris, rue Saint-Lazare, 148; élève de M. Couture.

751 1353 300 59 Médaille de bronze.

329 1408 592 66 129. Combat de Palestro.

357 1478 1114 58 Le 3e de zouaves traverse, sous une pluie de mitraille, un

319 1528 1154 48 canal profond qui le sépare d’une batterie autrichienne, culbute

319 1571 1159 56 les compagnies de soutien de cette batterie et s’empare des pièces

327 1614 446 52 avec un irrésistible élan.

825 1645 519 70 (Campagne d’Italie, 1859.)

744 283 299 61 — 33 —
