1833 3037
587 1877 640 91 COUDER (ALEXANDRE),

384 1948 1056 94 A Paris, rue de Varenne, 18; élève de M. le baron Gros,

336 2012 1137 80 Chevalier de la Légion-d’Honneur. — Médailles à Paris, Rouen et Toulouse.

344 2077 1119 99 138. Fleurs et Fruits (panneau pour salle à man¬

516 2148 154 76 ger).

347 2210 491 74 139. Fleurs et Fruits.

347 2282 409 78 140. La Perruche.

339 2348 286 76 141. Gibier.

595 502 662 83 A Libourne; élève de M. Picot.

524 561 840 89 Médaille de bronze à l’Exposition de Rouen, en 1858.

383 622 575 78 135. Le Passage du Gué.

600 1379 635 89 COSSMANN (MAURICE),

389 1460 1051 86 A Paris, rue Duperré, 17; élève de M. Eug. Lepoittevin.

389 1515 1056 102 Second Prix de Dessin; — Mention honorable à l'exposition de Blois.

349 1596 777 84 136. Un Factionnaire de la Ligne.

356 1665 1041 101 137. Une Fileuse (environs de Fontainebleau).

579 830 699 78 COOL (Mme DELPHINE DE),

425 906 1010 91 A Paris, rue du Bac, 57; élève de M. Fortin, son père.

440 973 986 69 Médailles de bronze, à Blois, 1858; — d’argent, à Rouen, 1858.

367 1042 1116 104 134. Portrait de Raphaël, enfant, d’apres lui-

533 1106 459 64 même (porcelaine).

359 1159 1152 93 135. Naissance de Louis XIII, d’après Rubens

541 1226 304 74 (Porcelaine).

660 407 570 106 CONTANT (JULES),

815 303 271 74 — 34—
