1874 3037
511 2166 772 83 CURZON (PAUL-ALFRED DE),

339 2232 1124 88 A Paris, rue Bonaparte, 13; élève de MM. Drolling ét Cabat.

617 2292 573 54 Médailles de 2e classe, 1857 et 1859.

339 2325 1137 102 150. Femmes de Picinsco, tissant (royaume de

514 2394 203 82 Naples).

584 446 697 85 COURT (JOSEPH-DÉSIRÉ),

357 511 1152 83 Né à Rouen, — Conservateur du Musée de celte ville, — à Paris,

562 564 742 66 rue de la Madeleine, 17; élève de Gros.

374 592 1122 81 Premier grand Prix de Rome (histoire), 1821; — Médailles de 2e et 1re

392 640 1086 76 classe, à Paris; — Chevalier de la Légion-d’Honneur, le 9 juin 1838.

357 685 1154 91 142. La Commission du Musée Napoléon présente.

529 749 955 78 à LL. MM. Impériales, au Palais de Saint-

531 799 970 84 Cloud, les plans du Musée fondé à Amiens

541 857 365 69 par l’Empereur.

357 911 1005 103 143. Charlotte Corday arrivant chez Marat.

731 1749 347 73 COUVELEY,

590 1814 630 79 Conservateur du Musée du Havre.

344 1872 425 75 147. Vue d’Orient.

342 1950 375 69 148. Chameaux.

346 2022 437 68 149. Vue d’Egypte.

633 1346 569 81 COUTEL (ANTOINE),

486 1407 858 91 A Paris, rue d’Enfer, 57; élève de M. Ingres.

468 1472 889 76 3e Médaille, en 1843; — 2e Médaille, en 1847, à Paris.

349 1526 471 76 145. Une Druidesse.

354 1601 388 91 146. Une Sirène.

536 1060 755 86 COUSIN (CHARLES-VCTOR),

567 1123 701 71 Professeur de Dessin à Ecouis (Eure).

354 1171 1097 102 144. Vieillard méditant près d’une tête de mort.

830 331 217 66 — 35 —
