1833 3037
604 2078 528 91 DARJOU (VICTOR),

346 2161 1056 93 A Paris, rue Poisonnière, 18; élève de M. Léon Cogniet.

334 2229 1068 99 Médailles de 1re et de 2e classe aux expositions de Boulogne-sur-Mer.

307 2291 572 74 158. Le Christ en prière.

301 2361 653 96 159. Thérésita (tête d’etude).

435 1417 942 93 DANIEL-KLEIN (Mlle STÉPHANIE),

324 1495 1146 96 A Paris, rue du Mail, 13; élève de M. Robert Fleury et J.-J.

833 1560 124 51 Bellel.

516 1591 760 86 Médalle de 3e classe, Exposition de Dijon, 1858.

319 1655 1146 88 156. Colline de la Goutran, aux environs de Tou¬

493 1718 955 89 lon (Var), paysage d’après nature (fusain).

319 1781 1131 89 157. Le Ravin, étude prise, d’après nature, dans

488 1842 977 83 l’ancienne propriété de Mme Boissy-d’An¬

496 1901 898 78 glas, à Bougival (Seine-et-Oise), fusain.

362 415 1141 81 151. Gardeur de Buffles, souvenir des Marais-Pon¬

541 470 500 74 tins (Etats-Romains).

362 531 1091 93 152. Près de Civita-Castellana (Etats-Romains).

661 703 508 73 DAGUZAN (LÉON),

430 759 1000 98 A Paris, rue de la Sourdière, 31; élève de M. Picot.

356 831 725 75 153. Les Vendanges gasconnes.

344 893 792 96 154. Taureau hollandais (étude).

640 1093 549 78 DANIAUD (HENRI),

702 1173 410 55 Elève de M. Couture.

344 1213 678 81 155. Le Marchand d’Esclaves.

807 301 247 65 — 36—
