1874 3037
501 2166 701 88 DESBROSSES (LÉOPOLD),

298 2242 1112 109 A Paris, rue d’Amboise, 2 (Montrouge); élève de MM. Paul

663 2311 378 57 Delaroche et Corot.

293 2343 899 111 166. Matinée de Printemps (Paysage).

291 2419 592 106 167. Aux bords de l’Orge.

584 1408 591 100 DELIENE (AUGUSTE),

584 1498 570 66 A Paris, rue Rochechouart, 70.

298 1541 545 91 163. Le petit Bûcheron.

303 1623 498 67 164. Les deux Sœurs.

557 1822 610 78 DESBROSSES (JEAN),

388 1906 938 96 A Paris, rue de Seine, 47; élève de M. Chintreuil.

293 1958 677 85 165. La Maison du Bûcheron.

611 1005 538 95 DELAUNAY (ELIE).

449 1103 857 84 A Paris, rue du Regard, 10, chez M. Lamothe.

308 1161 1132 89 Premier grand Prix de Rome, en 1856; — 3e Médaille, à Paris, en 1859.

315 1223 546 74 162. La Leçon de flûte.

597 483 608 91 DEBON (HIPPOLYTE).

374 560 1035 99 A Paris, rue des Petites-Écuries, 13; élève de M. Gros.

314 635 1157 83 Médaille de bronze, à Rouen, en 1841; — Médailles de 3e classe, en 1842;

481 688 845 88 de 2e classe, en 1847; de 2e classe, en 1848 (Paris).

320 737 591 69 160. Le Réveil de Vénus.

316 794 1173 109 161. Sainte Elisabeth de Hongrie distribuant des

496 868 524 73 aumônes aux pauvres.

779 354 244 93 — 37 —
