1874 3037
402 473 803 98 DUBOULOZ (JEAN-AUGUSTE),

511 561 588 63 A Paris, rue de Dunkerque, 69.

239 627 581 64 180. Les petits Poltrons.

246 693 461 86 181. Le Bain forcé.

415 1336 815 81 DUCHESNE (LOUIS-CHARLES),

321 1409 985 76 A Rouen, rue Beauvoisine, 131; élève de M. Barrias.

607 1472 431 48 Médaille de bronze en 1858.

256 1526 596 65 186. Portrait de M. P...

259 1591 623 72 187. Portrait de M. S..

260 1645 1001 118 188. L’Or est une chimère (Variations sur).

379 824 858 75 DUBOURG (LOUIS-ALEXANDRE),

263 900 1084 74 A Honfleur, place de la Halle; élève de M. Léon Cogniet.

238 960 910 74 182. Le Marché au Poisson, à Honfleur.

241 1032 962 76 183. Le Marché aux Légumes, à Honfleur.

243 1100 1002 92 184. Le Cours de Saint-Siméon, à Honfleur.

253 1177 869 76 185. Sur la côte de Grâce, à Honfleur.

693 1817 254 76 DUMÉE,

729 1901 199 56 A Rouen.

263 1953 768 86 189. Les Pirates (effet de matin).

261 2044 407 61 190. La Lecture.

916 2067 405 81 Appartient à M.E. R.

270 2151 658 66 191. Paysage d’après nature.

270 2225 658 69 192. Paysage d’après nature.

271 2304 362 58 193. La Leçon.

271 2367 416 64 194. Une Marine.

283 2439 377 76 195. Une Plage.

693 359 244 73 — 39 —
