1833 3037
607 2282 623 76 DUQUESNE (EUGÈNE),

621 2353 584 64 A Rouen, rue Saint-Nicolas, 48.

356 2401 742 114 205. Paysage (mine de plomb).

493 1478 879 93 DUPUY-DELAROCHE (AMÉDÉE),

526 1555 819 86 A Rouen, chez M. Legrip, rue Impériale, 49.

369 1602 1134 118 199. Evanouissement de là Vierge, au moment de

536 1670 476 86 la mise au tombeau.

378 1737 396 66 200. Ecce Homo.

371 1808 481 69 201. Mater Dolorosa.

362 1862 1149 104 202. Portrait en pied de Mgr. de Bonnechose,

536 1936 975 116 Archevêque de Rouen, Primat le Norman¬

538 1994 98 52 die.

367 2055 767 79 203. Portrait de M. l’abbé. C....

367 2127 505 73 204. Portrait de M. B.

697 936 518 89 DUPRÉ (VICTOR),

394 1004 1109 96 A Paris, rue de la Tour-d’Auvergne, 35; élève de M. Jules

774 1070 349 56 Dupré, son frère.

377 1083 1144 109 Médailles de 3e classe, à Paris; — d'argent, à Rouen; — d'or, à Rouen,

875 1161 147 68 en 1847.

374 1202 874 88 197. Vue des environs de Compiègne.

373 1272 865 81 198. Vue des environs de l’Isle-Adam.

405 1331 729 86 Ces deux tableaux forment pendant.

663 458 600 93 DUNGLAS (CAMILLE),

445 533 1033 81 Sculpteur à Rouen, rue d’Anvers, 5 A; élève de l’Ecole

789 593 333 53 des Beaux-Arts.

389 627 1147 104 196. Un Groupe représentant la Sainte Famille

562 695 974 89 dans sa fuite en Egypte, et se composant

562 749 969 88 de saint Joseph, de la Vierge, de l’Enfant

567 799 901 107 Jésus, d’un palmier et d’un âne (plâtre).

858 354 235 58 — 40 —
