1874 3037
329 508 727 79 206. Paysage (mine de plomb).

324 577 580 73 207. Paysage  d°.

321 642 610 84 208. Paysage (aquarelle).

329 711 496 78 209. Paysage d°.

326 784 745 84 210. Vue de Rouen (aquarelle).

628 2161 554 93 DUTILLEUX (C.),

673 2274 461 54 A Arras (Pas-de-Calais).

357 2330 1129 97 215. Aux Fosses-Rouges, près le Gros-Fouteau,

514 2399 982 96 forêt de Foutainebleau (étule d’après na¬

529 2452 154 71 ture).

628 938 531 99 DURAND (ANDRÉ),

334 1024 1139 81 Né à la Mi-Voie; à Paris, cité Odiot, rue de l'Oratoire, 1; élève

359 1085 1114 58 de l’Ecole de Peinture et de Dessin de Rouen, et de M. E.-

362 1123 1111 63 H. Langlois, correspondant du ministère de l’Instruction

372 1166 1018 69 publique et des Cultes, pour les travaux historiques.

331 1214 1130 74 Médailles d’argent et de bronze (Lithograpbie) à l’Exposition de Moulins,

384 1262 1029 59 en 1840, Distinction honorifique de S. M. la Reine des Belges, en

812 1304 155 39 1850, etc.

336 1333 1140 94 211. Le Campanille du dôme de Florence, sur la

516 1402 952 83 place du Baptistère (dessin à la plume et

509 1457 169 63 Lavis).

336 1510 1150 99 212. Ruines de la Forteresse de Montignosa (confins

506 1579 993 96 de Modène et de Toscane), dessin au crayon

511 1634 370 63 noir et estompe.

364 1688 1117 81 Ces deux dessins font partie de la collection de son Exc. le

334 1747 825 58 prince Anatole Demidoff (album de Toscane).

334 1799 1144 86 213. L’Hôtel de Cluny, à Paris, côté du jardin

489 1862 554 64 (dessin mine de plomb).

339 1918 1137 91 214. L’ancienne Eglise de Bonsecours, près Rouen,

509 1984 757 81 en 1840 (dessin mine de plomb).

772 389 238 69 — 41 —
