1833 3037
349 516 1142 78 216. Nid de l’Aigle, forêt de Fontainebleau (étude

516 575 395 66 d’après nature).

357 644 468 64 217. Effet de matin.

364 712 417 69 218. Effet de soir.

609 2097 626 77 ESCH (Mlle MATHILDE),

457 2188 942 67 A Paris, rue Mazarine, 46; élève de Waldmuller.

392 2267 1076 68 Mentions honorables : Vienne, 1855, 1856, 1857. — Munich, Pesth,

784 2318 281 44 Prague et Dresde.

369 2348 1129 114 227. Scène villageoise des environs d’Austerlitz

553 2436 652 77 (Moravie), peinture sur bois.

465 1521 907 78 ELMERICH (CHARLES-ÉDOUARD),

607 1609 616 78 A Paris, quai de la Tournelle, 37.

361 1699 761 70 223. Un Paysage (effet de matin).

364 1769 584 66 224. La Colette à Jeanne.

371 1835 667 68 225. Le Marché aux Bestiaux.

383 1909 795 76 226. Déjeûner au bois de Vincennes.

567 885 691 71 DUVAL LE CAMUS (J.),

602 956 641 84 A Paris, rue du Cherche-Midi, 17;

651 1041 525 64 Chevalier de la Légion d’Honneur.

367 1101 330 86 219. Macbeth.

767 1131 721 93 Donné au Musée de Rouen par l'auteur.

362 1224 735 66 220. Trois Cruches à la fontaine.

361 1302 401 59 221. Les Adieux.

367 1368 503 64 222. La Grand’-Mère.

805 359 222 99 — 42 —
