1874 3037
526 2024 737 79 FERRET (ALEXIS-EUGÈNE),

339 2092 1101 84 A Paris, place Saint-André-des-Arts, 9; élève de M. Albert

835 2154 129 52 Barre.

742 2198 316 59 Médaille de bronze.

344 2249 1127 99 235. Portrait de M. J. Aublin, Contrôleur-Vérifi¬

509 2330 957 74 cateur des coins et poinçons, près de la

511 2387 694 83 Monnaie de Paris (médaillon).

622 1708 547 73 FAUSSE (AUGUSTE),

587 1773 609 79 A Rouen, route de Darnétal, 54.

331 1860 937 91 234. Vue de la place Saint-Eloi, à Rouen.

367 465 1020 81 EUDES DE GUIMARD (Mlle LOUISE),

331 534 1089 118 A Paris, rue Ménilmontant, 5; élève de M. Léon Cogniet.

312 639 800 73 228. Pressoir de Basse-Normandie.

324 706 889 78 229. Le Tasse et la princesse Eléonore.

349 774 914 73 Il lui lit les vers qu'il vient de composer pour elle.

332 850 483 66 230. La Récompense.

547 1388 690 79 FAURON (ÉMILE-CÉSAR),

384 1457 1018 86 A Paris, rue Pigalle, 66; élève de M. Paul Delaroche.

329 1533 597 150 253. Le Retour du Lavoir.

511 979 803 71 FAUCHER (Mme HERMINIE),

454 1044 852 74 A Paris, rue du Faubourg-Saint-Honoré, 155.

319 1133 425 76 231. Marée basse.

334 1166 1134 127 232 Souvenirs de bords de la Loire (soleil cou¬

499 1272 176 57 chant).

757 346 253 63 — 43 —
