1833 3037
597 432 572 94 FLANDIN (EUGÈNE),

627 516 500 62 A Paris, rue de Berlin, 18.

313 536 1135 111 Médaille de 2e classe, à Paris, 1837; — Médaille d'argent, à Rouen, 1858.

528 625 682 65 Chevalier de la Légion-d’Honneur, en 1842.

320 673 885 87 236. Boutique de Tailleur juif, à Alger.

315 745 932 85 237. Entrée de Galata, à Constantinople.

308 807 1023 93 238. Un angle du Palais des Doges, à Venise.

308 880 598 79 239. Campagne de Rome.

308 944 1137 101 240. Vue générale, Constantinople et Scutari, le

509 1022 80 59 soir.

774 303 224 86 — 44 —

529 1136 668 104 FONTENAY (ALEXIS DE),

605 1214 524 59 A Paris, quai de l’École, 8.

632 1260 474 56 Médailles de 3e et de 2e classe.

306 1293 1134 93 241. L’embouchure de la Seine (vue prise de le

473 1364 970 91 côte d’Honfleur, sur la route d’Honfleur à

481 1417 249 66 Trouville).

298 1484 888 74 242. Site dans le département du Cher.

296 1541 1144 93 243. Ine Sapinière abandonnée (vue prise dans

463 1612 972 76 la Vallée de Lauterbrun (Suisse), dessin

464 1675 422 59 aux deux crayons.

298 1733 1134 84 244. Vue prise à Bénigen, canton de Berne (Suisse),

465 1796 567 61 dessin aux deux cravons.

293 1850 1147 98 245. Village de Pourville, près Dieppe (Norman¬

467 1918 692 69 die), dessin aux deux crayons.

298 1979 1137 103 246. La Croix de Jumiéges (Normandie), dessin

470 2039 446 66 aux deux crayons).

464 2152 771 85 FORESTIER (Mlle ALICE DE),

283 2229 1149 89 Professeur d’aquarelle à Paris, rue du Cherche-Midi, 31; élève

604 2286 493 52 de M. Isidore Bourgeois.

301 2325 1134 104 247. Maison, du Maréchal-Ferrant, à Villersville

473 2396 580 99 (Normandie), aquarelle.
