1874 3037
752 1741 217 81 FOSSE,

766 1840 187 54 A Rouen.

298 1884 460 91 255. Vue de Rouen.

503 2044 704 74 FOUGÈRE (Mlle AMANDA),

387 2108 965 71 A Paris, rue Vaugirard, 47; élève de MM. Steuben

720 2169 279 53 et Monvoisin.

611 2227 488 57 Médaille de 3e clase, en 1847.

300 2291 613 84 256. Le Repas de l’Ermite

308 2367 426 72 257. Petit Paysan.

302 408 932 77 248. Herbage de Normandie ( aquarelle).

298 480 1140 94 249. Marais de la Touque, près Trouville-sur-Mer

479 546 290 66 (aquarelle).

633 1189 458 81 FORT (Mme S.),

545 1268 633 53 A Paris, rue du Cherche-Midi, 32.

293 1326 1147 96 252. Vue de Pérouze, sur les bords du Chisone,

474 1400 586 62 près Pignerol ( Piémont).

293 1459 1039 74 253. Vue prise près Saint-Donat ( Dauphiné).

296 1533 1137 81 254. Cours de la Roya, dans la vallée du Col-de-

474 1592 459 74 Tende ( Piémont).

636 702 461 62 FORT (SIMÉON),

549 761 618 79 A Paris, rue du Cherche-Midi, 32.

587 836 559 51 Chevalier de la Légion-d’Honneur.

305 895 1077 80 250. Bords du Lac de Lugano, canton du Tessin.

296 966 1142 81 251. Le Soir, bords du Lac de la Galaure ( Dau¬

477 1034 176 76 phiné).

757 303 230 81 — 45 —
