1874 3037
658 1660 496 81 GERNON (E. DE),

635 1728 557 63 A Paris, rue Taranne, 27.

356 1778 704 83 277 Vaches dans un pâturage.

643 1923 537 71 GINAIN (EUGÈNE),

352 1981 1121 74 A Paris, faubourg Saint-Honoré, 157; élève dé MM. Charlet

747 2044 333 51 et Abel de Pujol.

346 2080 1138 83 Médailles d'argent, à Rouen, en 1845; — d'or (3e classe), à Paris, 1857.

352 2156 816 55 278. Camp de Châlons (1857).

379 2209 1112 68 Charge on ligne, exécutée en avant des carrés d’infanterie,

346 2265 1150 58 par la brigade de grosse cavalerie commandée par le général

347 2309 139 68 Morris.

354 2366 1051 104 279. Les Arabes repoussés au-delà de la Chiffa.

639 1375 542 87 GERMAIN (Louis),

524 1457 775 64 A Niort (Deux-Sèvres), rue Notre-Dame.

364 1521 454 71 276. Nature morte.

354 417 1124 84 GENAILLE (FÉLIX-BARTHÉLEMY-FRANÇOIS),

396 502 1028 63 A Paris, rue Blanche, 69; élève de M. Henry Sheffer.

567 565 793 54 Médaille d’argent, à Saint-Quentin, en 1859.

344 617 1140 86 269. L’Anneau du Doge (d’apres Paris Bordone),

523 688 240 64 aquarelle.

359 754 1047 79 270. L’Assomption (d’apres Titien ), aquarelle.

357 821 340 73 271. Italienne.

349 889 660 62 272. Les Vertus Théologales.

357 958 240 61 273. Clio.

361 1032 317 64 274. Euterpe.

352 1095 1132 71 275. Schiavoni, peintre Vénitien, ne rapporte que

514 1156 967 63 des fleurs, pour toute monnaie, des reli¬

529 1209 960 74 gieux de Sainte-Croix (Arsène Houssaye),

535 1268 223 61 aquarelle.

807 273 223 96 — 47 —
