1833 3037
412 1781 1010 74 GOZZOLI (Mme LAURE FOIRESTIER),

655 1842 529 68 A Paris, rue de Sèvres, 159.

361 1899 403 80 287. Les Images.

364 1968 314 79 288. L’Etude.

577 2078 673 91 GRANDFILS (LAURENT),

407 2151 1023 60 Sculpteur à Paris, route de Versailles, 16 bis; élève de

632 2203 551 57 MM. Ramey fils et Dantan.

555 2260 721 54 Mention honorable, Exposition de Paris, 1859.

359 2305 1129 109 289. Le repos de la Sainte Famille (bas-relief en

531 2366 595 78 bois de noyer), sculpture.

389 1518 1069 76 GOURDET (MICHEL-GABRIEL-GRÉGOIRE),

661 1584 517 58 A Bonnières (Seine-et-Oise).

367 1634 326 74 286. Le Dîné.

443 412 974 84 GIRARD (ÉRNEST-JOSEPH-ANGÉLON),

546 497 780 63 A Paris, rue Neuve-des-Petits-Champs, 95.

374 544 527 75 280. Trois Miniatures.

369 614 1127 89 281. Pêcheur de Saint-Valery-en-Caux (aquarelle).

367 688 858 78 282. La Croix du chemin (aquarelle).

367 756 764 79 283. La Moissonneuse d°.

372 825 1131 88 284. Porteur de Sable de Saint-Valery en-Caux.

693 959 476 76 GOUPIL (LÉON),

417 1024 1031 79 A Paris, rue du Helder, 25; élève de M. Ary Scheffer.

653 1090 549 71 Mention honorable, à Rouen, 1859.

366 1147 523 67 285. Les deux Foscari.

400 1207 1091 73 « LE DOGE..... et il né devait point sélever contre sa pa¬

354 1265 1139 66 trie, eut-il mille existences à perdre au lieu de celle que.....

392 1313 1106 73 MARINA..... que leurs tortures lui ont arrachée......... Il

351 1366 1135 76 n’est plus, et moi qui aurais danné mon song pour lui, je n’ai

361 1415 557 49 à lui donner que des larmes. »

830 301 213 65 — 48 —
