1874 3037
698 463 433 81 GRAS (FÉLIX),

354 526 1099 91 A Paris, rue de l'Arc-de-Triomphe de l'Etoile, 17; élève de

800 590 211 56 M. Aligny.

352 630 853 86 290. Les grands Saules (Normandie).

344 711 848 71 291. Vue prise à Thiers (Auvergne).

663 864 491 87 GRENET (DOM.),

382 946 1051 81 A Paris, rue Pauquet-de-Villejuste, 10 (Champs-Élysées).

688 1005 436 52 Médaille d’argent, en 1847.

351 1051 1072 77 292. Vue des Ruines de Grey (Seine-et-Marne).

349 1132 979 77 293. Douarnenez, côtes du Riz (Bretagne).

509 1295 797 74 GRISY (ETIENNE-XAVIER DE),

405 1368 1018 61 A Paris, rue de Rennes, 4; élève de MM. Léon Cogniet

815 1418 208 46 et Gleyre.

563 1472 696 46 Médaille de vermeil à l’Exposition de Rennes.

357 1521 520 70 294. Rêverie (pastel).

352 1582 736 76 295. Tête de Femme (fantaisie).

349 1655 1140 73 296. Les Dévideuses (copie d’après le tableau de

523 1722 743 58 M. Hamon (Jean-Louis), pastel.

354 1774 1132 81 297. Portrait de M. Chauchar, Capitaine de Voli¬

534 1842 542 83 geurs au 49e de Ligne.

628 1987 550 88 GROBON (EUGÈNE),

344 2067 1150 66 A Lyon, rue d’Egypte, 2, et à Paris, rue Honoré-Chevalier, 4;

379 2128 1115 48 élève de l’Ecole impériale des Beaux-Arts de Lyon, et de

383 2169 418 48 M. Frédéric Grobon.

354 2189 1140 86 Médailles d'argent de 2e classe, à Dijon, 1858; — de bronze, à Rouen, 1858.

356 2276 700 60 298. Melon, Pêches et Raisins.

354 2345 540 76 299. Panier de Cerises.

361 2421 781 72 300. Pêches de vigne et d’espalier.

795 293 220 111 — 49 —
