1833 3037
556 2201 722 76 GUILLOUX (BENJAMIN),

556 2272 738 69 Sculpteur à Rouen, rue Saint-Patrice, 3.

359 2330 1142 107 309. Modèle de Bouquet de Fleurs (sculpture en

551 2412 255 80 plâtre).

351 453 775 86 301. Prunes et Raisins (pastel).

356 518 697 99 302. Grenades et Raisins d°.

496 665 858 117 GROBON (FRANÇOIS-FRÉDÉRIC),

349 771 1154 64 A Paris, rue Honoré-Chevalier, 4; élève de l’Ecole impériale

465 821 913 52 des Beaux-Arts de Lyon, et de M. Victor Orsel.

379 868 1089 63 Paris, Salon de 1851, un tableau acquis par le Gouvernement (genre);

508 916 846 50 Rouen, Salon de 1858, Médaille de bronze (paysage).

359 951 696 109 303 Portrait de Mlle de M...

339 1037 1078 106 304. Lisière d'un Bois en automne (Calvados).

366 1132 396 79 305. La Lecture.

572 1774 729 83 GUILBERT (Mlle FANNY),

351 1852 1160 89 Née à 5̀ Rouen, demeurant à Sémur (Côte-d’Or), rue lmpériale;

666 1918 512 52 élève de M. Léon Cogniet.

354 1958 1149 117 308. Jeune Fille au bord de l’Armançon (Côte-

538 2046 155 88 d'Or).

693 1285 469 86 GUÉDY (JULES),

801 1361 267 68 A Grenoble.

354 1424 1162 102 306. Vue de la Fontaine de Vaucluse (vue prise

536 1505 355 57 d’après nature).

359 1553 1154 107 307. Une elle Soirée (vue des bords du Cher, à

556 1622 173 66 Tours.)

822 346 221 71 — 50 —
