1874 3037
677 1346 479 79 HAMEL (VICTOR),

349 1429 1160 86 Employé de commerce à Fécamp, rue Saint-Etienne, 24; élève

736 1498 376 49 de M. P. Vasselin.

357 1546 1149 91 313. Le Sommeil (d’après la gravure de Masson),

533 1629 414 63 dessin à la plume.

359 1680 1152 78 314. Le Singe au miroir (d’après la gravure de

543 1753 628 60 Masson), dessin à la plume.

362 1809 1149 73 315. Découragement de l’Artiste (d’après la gravure

535 1871 700 62 de Masson), dessin à la plume.

362 1936 1139 86 316. Le Bain (d’après la gravure de Metzmacher),

543 1995 424 65 dessin à la plume.

369 2057 1142 79 317 Forêt (d’après la gravure de Paquier), dessin

541 2125 272 61 à la plume.

374 2186 1140 74 318. Pays-Bas (d’après la gravure de L. Marvy),

548 2247 419 62 dessin à la plume.

379 2305 1142 73 319. Michel-Ange donnant des soins à son domes¬

559 2363 957 91 tique malade (d’apres la gravure de A. Du¬

574 2419 570 76 ont), dessin à la plume.

487 467 808 88 HAGEMANN (GODEFROY DE),

378 541 1023 79 A Paris, rue Duperré, 4; élève de M. Joseph Palizzi.

332 617 944 73 310. Le Pré aux Peupliers, près de Gray.

349 695 660 70 311. Poules dans un potager.

783 867 241 67 HAMEL,

563 931 691 66 Graveur à Rouen, cours Boïeldieu, 1.

344 987 1152 98 312. Médailles de la Société d'Emulation, compo¬

516 1068 973 63 sées par M. A. Pottier, et exécutées sous sa

514 1123 975 69 direction, par MM.J. Salmon fils, statuaire,

530 1182 737 80 Hamel et Ch. Weiner, graveurs.

772 336 223 91 — 51 —
