1874 3037
535 1277 653 76 HOLTZAPFFEL (JULES),

391 1358 941 64 A Paris, rue Turgot, 5; élève de M. Léon Cogniet.

305 1418 333 75 335. Paysage.

484 435 746 98 HILLEMACHER (ERNEST),

349 534 1031 63 A Paris, rue Lafayette, 34; élève de M. Léon Cogniet.

308 592 1094 58 2° Médaille à l’Exposition de Paris, 1848; — Rappel de Médaille, 1857.

298 645 988 94 332. Le Courtisan (époque de Louis XIII.)

646 747 436 101 HINTZ (JULES),

303 840 1140 83 A Paris, Chemin de Ronde de la Barière Blanche, 7; élève de

773 895 204 54 M. Isabey.

565 931 604 66 Plusieurs Mentions honorables à Paris.

296 994 1139 76 333. Vaisseau de ligne français naviguant, pleine

482 1061 569 67 mer, faisant des signaux.

303 1123 1137 84 334. Le Havre (entrée du port), la Tour François Ier.

563 1537 603 101 HONEIN (ALPHONSE),

301 1632 1132 86 A Paris, rue de l’Oratoire-du-Roule, 13; élève de M. Drolling.

805 1697 137 45 Médaillé.

303 1751 600 66 336. Jocelyn et Laurence.

538 1812 830 64 La foudre a déchiré le voile de mon âme!....

536 1865 894 50 Cet enfant, cet ami! Laurence est une femme!...

541 1908 811 50 Cette aveugle amitié n’était qu’un fol amour!

536 1948 884 61 Ombre de ses rochers, cachez ma honte au jour!

909 2001 376 60 (A. DE LAMARTINE).

567 2113 600 78 HOSTEIN (EDOUARD),

560 2176 633 78 A Versailles, rue Sant-Médéric, 7.

306 2244 1137 76 3e, 2e ,1re Médailles d'or à Paris, et plusieurs autres Médailles en province.

533 2306 677 47 Chevalier de la Légion-d’Honneur, en 1846.

319 2341 1121 124 337. Rives de la Deume, près d'Annonay (Ardèche),

468 2416 276 81 paysage.

734 329 240 68 — 53—
