1833 3037
579 2072 638 79 JACOB (Mlle EUGÉNIE),

384 2143 1036 74 A Paris, quartier Batignolles, rue Saint-Louis, 34; élève

735 2201 323 54 de M. Jacobber.

321 2242 1122 111 345. Une Plaque de Fruits et Fleurs (porcelaine).

325 2343 829 76 346. Etude de Volubilis (aquarelle).

334 2414 962 83 347. Etude de Fleurs diverses (aquarelle).

671 1501 459 91 HUDEL (LOUIS),

622 1601 562 65 A Belleville, rue de Paris, 45.

331 1650 1150 98 342. Une Matinée de Printemps (animaux allant

511 1727 329 64 aux champs).

329 1786 1149 84 343. Une Vache et deux Canards dans un marais

519 1850 607 73 (effet de matin), panneau.

334 1910 1078 99 344. Mouton et Brelis métis (étude) panneau.

781 1066 243 76 HUBER,

443 1138 939 76 A Paris, rue de Lecaute, 16 (Chapelle-Saint-Denis).

334 1214 1154 94 340. Le Marché aux Vaches, à Lignières-Châtelin,

526 1287 344 67 près d’Aumale.

340 1356 920 83 341. Les Hêtres de Beaucampes-le-Jeune.

531 485 767 81 HUART (CHARLES-ANTOINE),

416 561 1000 78 A Rouen, pavillon du Génie, à Saint-Sever; élève de

796 615 242 51 M. Couture.

344 660 1152 101 338. Légende des Cavaliers Blancs, faisant partie

513 744 980 83 des Légendes Normandes (série commen¬

521 797 641 60 cée par l’auteur), aquarelle.

344 847 1154 89 339. Baterelle et ses Compagnes, faisant partie

519 916 865 111 des Légendes Normandes (aquarelle).

812 382 246 50 — 54 —
