1874 3037
690 428 478 96 JAHN (HANS),

382 506 1003 111 A Paris, rue du Faubourg-Saint-Honoré, 217; élève de

736 570 297 52 M. Bennetter.

319 622 626 73 348. Paysage en Norwége.

325 681 1015 83 349. Vue des environs de Fyen (Danemark).

322 764 604 74 350. Marine-Naufrage.

324 819 1147 109 351. Effet de Lune (environs de Frondhjem No¬

519 894 147 64 wége).

334 946 1066 81 352. Entrée du Port de Frondhjem (Norwége).

636 1088 535 96 JONGKIND (J-B.),

379 1182 1037 73 A Paris, rue Mogador, 20; élève de M. Eugène Isabey.

616 1246 582 54 Médaille de 3e classe, à Paris, 1852.

336 1293 1148 83 353. Paysage et souvenir d’une rivière près de

530 1359 511 95 Rotterdam (Hollande).

587 2142 664 90 KOCK (Mlle YVONNE DE),

392 2224 1069 91 A Saumnr (Maine-et-Loir), rue Beaurepaire, 27; élève de

649 2292 544 56 M. Louis de Kock, son père.

655 2348 545 57 Mention honorable, à Rennes, 1859.

359 2396 778 94 358. Gibier (dessin au fusain).

646 1498 523 89 KOCK (LOUIS DE),

339 1579 1142 73 Professeur de dessin au Collége de Saumur (Maine-et-Loïre);

558 1636 718 57 élève de MM. Lepoittevin et Troyon.

521 1688 790 73 Médaille de bronze, Laval, 1857; Angers, 1858;

693 1733 454 46 grand module, Rennes, 1859.

342 1774 816 78 354. Le Déversoir (effet de matin).

346 1850 567 78 355. Le Soir (paysage).

346 1898 1148 103 356. Groupe de Gibier (panneau pour salle à manger).

352 1994 1023 76 357. Chemin de Sable (étude d’après nature).

767 308 250 76 — 55 —
