1833 3037
349 457 749 84 359. Perdrix (dessin au fusain).

344 531 901 104 360. Groupe de Perdrix grises (pastel).

582 695 658 94 KOCK (Mlle JEANNE DE),

397 761 1025 91 A Saumur (Maine-et-Loire), rue Beaurepaire, 27; élève

594 822 631 81 de M. Louis de Kock, son pere.

340 860 451 88 361. Nature morte.

621 2171 508 84 KRUG (EDOUARD),

362 2239 1050 81 A Paris, rue des Martyrs, 24; élève de M. Léon Cogniet.

320 2314 380 63 370. L’Aumône.

326 2366 1137 78 Dernière pose d’Armand David, récemment décédé à Paris, à

324 2424 1134 89 l'âge de 109 ans. — Soldat sous Louis XV et Louis XVI, il ne

716 1019 382 79 KNOEPFFLÉ,

658 1095 488 62 A Paris, rue de Malte, 54.

324 1138 1154 119 362. Vue de la place de la Bastille, prise de la rue

513 1209 335 64 Saint-Antoine.

321 1265 1144 114 363. Vue de l'Église Saint-Gervais, prise de l’Hôtel-

513 1331 204 59 de-Ville.

324 1381 1146 107 364. Vue de la Tour Saint-Jacques, prise du pont

499 1456 324 60 Saint-Michel.

319 1508 1141 91 365. Vue du Palais de l’Institut, prise du Louvre.

324 1586 1136 84 366. Vue du nouveau Louvre, prise de l’angle de la

509 1653 422 57 place du Carrousel.

319 1705 1146 86 367. Vue de l’Arc-de-Triomphe du Carousel et du

496 1774 972 70 palais des Tuileries, prise du nouveau Louvre.

313 1837 1152 96 368 Vue du Palais de l’Industrie, prise de l’avenue

492 1898 481 62 des Champs-Elysées.

313 1946 1157 101 369. Vue de l’Arc-de-Triomphe de l’Étoile, prise

497 2019 584 69 de l’angle du Rond-Point.

810 351 212 69 — 56 —
