1833 3037
541 2234 636 79 LEFEBVRE (JACQUES),

572 2308 577 65 A Rouen, rue des Carmes, 83.

291 2356 1136 129 388. Pret de Neige (vue prise de la côte de Cante¬

472 408 810 91 LAVAL (Mme), née FOUBERT,

617 497 532 58 A Paris, rue de Sèvres, 101.

311 551 1149 76 382. Vue de l’Eglise de Conches ( Eure), mine de

497 614 154 65 plomb.

301 665 1167 86 383. Vue de la Cathédrale de Coutances (Manche),

484 735 366 68 mine de plomb.

301 799 1159 81 384. Vue de l’Eglise de Saint-Pierre, à Coutances

492 868 416 78 (mine de plomb).

713 1035 332 70 LAYNAUD,

578 1095 579 82 A Paris, rue Rochechouart, 67.

301 1156 1149 89 385. Une Pêcheuse de Crevettes (environs du

484 1228 187 64 Hâvre).

551 1353 620 82 LECOINTE (CHARLES),

331 1417 1064 93 A Paris, rue Blanche, 79; élève de MM. Picot et Aligny.

319 1495 1106 66 Grand Prix de paysage historique, en 1849; — Médaille de 3e classe,

769 1543 193 46 1849-1850.

293 1581 950 84 386. Aqua Claudia (campagne de Rome).

364 1748 990 74 LECRAN (Mle MARGUERITE-ZÉOLIDE),

301 1812 1116 76 A Paris, rue Blanche, 27; élève de MM. Pérignon et Picot.

283 1882 1157 56 Admis aux Expositions de Paris; acquisitions et commandes de Son Exc.

425 1925 876 46 le Ministre d’État; Médaille de bronze, à Toulouse, 1858.

290 1975 557 64 387. Le découragement.

313 2024 1132 81 Le lemps passe..... Au travail ramène ta pensée.... A ton

288 2090 661 56 âme il rendra la paix et le bonheur.

789 298 208 74 — 58 —
