1874 3037
440 415 983 68 leu, lors du débordement de la Seine dans

445 473 975 83 les prairies de Bapaume, dont l’étendue

449 528 273 62 est glacée).

268 589 1152 76 389. Effet de Lune (vue prise au passage de Crois¬

454 654 391 66 set près Rouen).

265 715 903 72 390. Effet de Clair de Lune ( paysage).

275 791 915 72 391. Vue prise aux environs de Rouen.

607 2166 476 73 JEHMANN (H.),

622 2242 460 64 A Paris, rue Balzac, 23.

283 2308 1137 98 400. Le pêcheur et l’Ondine (d’après la ballade de

465 2384 208 88 Gœthe).

509 1872 681 89 LEGRAND (ALEXANDRE),

595 1955 504 62 A Paris, quai Bourbon, 15.

278 2011 584 71 399. Un Roman nouveau.

554 1432 577 71 LÉGER-CHERELLE,

531 1495 626 89 A Paris, avenue de Breteuil, 27.

268 1575 461 63 396. La Tentation.

270 1632 603 76 397. La Poule aux abois.

273 1713 727 101 398. Un Coq heureux (pastel).

481 944 742 80 LEFÉBURE (Mme CÉLINA),

265 1014 1165 79 Née à Rouen. — A Paris, rue du Bac, passage Sainte-Marie, 9.

273 1086 510 62 392. Une jeune Fille.

266 1154 839 67 393. Les Petits Ramasseurs de bois.

266 1226 709 68 394. Halte du Petit Voyageur.

275 1297 324 66 395. Lecture.

742 296 205 70 — 59 —
