1833 3037
676 426 510 83 LEJEUNE (JEAN),

377 498 1088 101 A Paris rue de l'ouest, 50, élève de MM. Paul Delaroche

820 568 187 52 et Gleyre.

352 610 547 81 401. Le Vin (pastel).

349 690 514 71 402. Le Jeu d°.

349 756 471 75 403. L’Amour d°.

356 835 454 65 404. Le Tabac d°.

493 971 828 76 LELARGE (ERNEST-RAPHAEL),

369 1047 1084 66 A Boisguillaume; élève de David d’Angers et de Rudde.

437 1108 940 63 Médailles de bronze, à Louviers et à Rouen, en 1858 et 1859.

349 1166 878 79 405. Paysage (effet de soleil couchant).

616 1319 572 81 LELARGE (LÉONCE),

334 1397 1139 68 Né à Rouen. — A Rouen, avenue du Mont-Riboudet, 49; élève

589 1452 636 49 de MM. Morin et Léon Cogniet.

356 1498 1102 60 Médailles en 1843, 1844 (Italie); — Mention honorable à Rouen, 1845.

339 1558 562 63 406. Portrait de Mme...

341 1614 1122 104 407. Seigneur! sauvez-nous, nous périssons!

521 1695 262 58 (esquisse).

338 1756 517 78 408. Souvenir d’Italie.

807 318 243 66 — 60 —

611 1891 560 77 LELOIR (AUGUSTE),

468 1968 853 66 A Paris, rue d’Erfurth, 3; élève de M. Picot.

551 2034 687 54 3e et 2e Médailles aux Expositions de Paris.

330 2082 1146 79 409. Jésus et la Samaritaine. (Ce tableau à été re¬

513 2151 572 62 produit en lithographie.)

617 2247 545 94 LÉONARD (JULES),

548 2341 674 66 A Valenciennes, rue des Échelles, 5.

342 2404 861 91 410. Jeune Fille feailletant un album.
