1874 3037
412 2080 922 88 L'HUILLIER (DIDIER-ALPHONSE),

293 2156 1150 86 A Paris rue de la Madeleine, 32; élève de M. Paul Delaroche.

303 2223 414 69 420. Le Viatique.

300 2294 815 78 421. Le Meûnier, son Fils et l’Ane.

298 2348 1137 106 422. Les petites Ouvrières (intérieur de chaumière).

298 2432 656 93 423. Au Printemps (étude).

567 511 635 83 LE PIPPRE (SEPTIME),

311 584 1145 96 A Paris, rue Pigalle, 37; élève de MM. Couture et Armand

774 655 228 78 Dumaresq.

308 716 1140 111 411. Un Zouave donne à un jeune conscrit des dé¬

492 782 718 86 tails sur la bataille de Solférino.

621 966 613 100 LEROY (ÉTIENNE),

460 1055 839 78 A Paris, rue Turgot, 31, élève de M. Picot.

307 1113 363 76 412. Paysanne.

307 1189 462 71 413. L’Indiscrétion.

585 1332 569 102 LEULLIER (FÉLIX),

427 1419 879 91 A Paris, rue Saint-Quentin, 22; élève de Gros.

698 1493 353 62 Médaille de 2e classe.

301 1553 1145 84 414. Entrée de N. S. Jésus-Christ dans Jérusalem.

301 1622 1089 88 415. N. S. Jésus-Christ est présenté au peuple.

302 1702 749 69 416. Promenade dans la prairie.

300 1766 918 81 417. Le Soir à la source dans le Sahara.

298 1844 659 67 418. Une Nourrice indienne.

303 1911 478 68 419. Lion de l’Atlas.

762 384 245 71 — 61 —
