1833 3037
705 1982 422 93 LOIRE (LÉON),

344 2070 1139 93 A Paris, rue de Vaugirard, 110; élève de M. David d'Angers.

437 2156 968 77 Médaille de bronze à l'exposition de Boulogne-sur-Mer, 1856

352 2227 436 60 432. Le Déjeûner.

349 2297 682 70 433. La Gardeuse de Dindons.

356 2368 666 70 434. Une Bretonne en prière.

356 2443 783 77 435. Une Femme qui arrose,

481 1351 883 81 LOBBEDEZ (CHARLES-AUGUSTE),

460 1435 908 70 A Paris, rue de l'Est, 33; elève de M. Souchon.

331 1498 1185 101 428. Sortie de l'Ecole, des Orphnelines de saint

518 1560 408 71 Vincent-de-Paul.

357 1631 476 68 429. La Promenade.

354 1695 893 74 430. Un Calvaire à Anvers (Belgigue).

356 1771 940 74 431. Adoration (souvenir de la Flandre).

448 483 972 99 LIENHARD (Mme AMANDE-EMÉLIE),

713 569 428 104 née BOUDIER.

430 664 1006 71 A Paris, rue de Clichy, 13; élève de M. J.-J. Bellel.

354 728 1154 114 424. Chemin sous bois (forêt de Saint-Germain-

529 806 482 67 en-Laye), au fusain.

349 865 1157 76 425. Allée de Chasse de Rancourt (forêt de Saint-

528 929 680 74 Germain-en-Laye), au fusain.

346 989 1155 84 426. Chêne de Notre-Dame, forêt de Saint-Germain-

538 1054 466 69 en-Laye (au fusain).

356 1120 1088 77 427. Les bords de la Seine, au Pec (au fusain).

810 372 245 86 — 62 —
