1833 3037
701 1650 423 78 MAURIN (A.),

556 1718 702 106 A Paris, boulevard des Batignolles, 66.

356 1776 379 73 453. La Lecture.

632 1918 535 88 MAYER (AUGUSTE),

334 1986 1142 91 Professeur à l’École Navale lmpériale de Brest (Finistère), place

691 2052 412 63 du Château-d’Eau, 29.

334 2098 1131 81 Medaille de 3e classe, en 1836; — Chevalier de la Légion-d’Honneur, en

367 2143 1098 74 1839, et de l'ordre royal de Gustave Wasa; — Médailles à Boulogne

807 2186 198 46 et à Rouen.

336 2222 1129 108 454. Vue prise à l’île de Groix, près Lorient (Fi¬

509 2287 201 59 nistère).

341 2343 833 91 455. Vue de Concarneau (Finistère).

354 2422 1129 96 Le vaisseau le Vétéran, échappant a la croisière d'une divi¬

774 941 322 91 MARQUIS,

511 1030 847 76 A Paris, rue Vavin, 19; élève de M. Lethière.

362 1080 1141 96 Médaile d'or à Paris, et plusieurs Médailles d’argent et de bronze à Rouen.

362 1137 655 76 452. Le Denier de la Veuve.

384 1202 1114 79 ..... Il vint aussi une pauvre veuve qui mit dans le tronc

354 1252 1139 74 deux pièces de la valeur d’un liard. Alors Jésus ayant appelé

359 1293 1139 76 ses Disciples, leur dit : Je vous dis, en vérité, que cette pauvre

356 1336 1137 73 veuve à plus donné que tous ceux qui ont mis dans le tronc. Car

351 1379 1152 66 tous les autres ont donné de leur abondance, mais celle-ci a

349 1419 1154 79 donné de son indigence même, tout ce qu’elle avait, et tout ce

344 1462 468 69 qui lui restait pour vivre.

772 1495 655 112 (Evangile, saint Marc, C. XIII.)

713 458 480 95 MARC (EUGÈNE),

427 538 1027 82 A Paris, rue Guénégaud, 7; élève de David d’Angers.

374 584 1147 106 449. Un Vœu (souvenir de Pen’mars'h (Bretagne).

369 652 633 94 450. Espiégle (aquarelle).

369 721 1152 126 451. Reproduction des œuvres de David d’Angers

543 798 348 81 (lithographies).

805 354 253 76 — 64 —
