1833 3037
612 484 657 82 MONGINOT (CHARLES),

481 561 914 81 A Paris, rue Duperré, 15; élève de M. Couture.

373 637 533 64 466. Cochons d’Indes.

577 2186 666 76 MOUILLARD (ALFRED),

336 2257 1152 61 A Paris, boulevard Saint-Denis, 13 et à Rouen, chez M. Floury,

377 2313 1073 76 rue de la Croix-de-Fer, 2; élève de MM. Picot et H. Vernet.

346 2363 805 71 474. Henri VIII et Catherine Paar.

347 2486 535 66 ses accès de goutte (Hume).

648 1850 546 75 MORIN (GUSTAVE),

372 1920 1081 79 Directeur de l'Académie de Peinture et de Dessin, à Rouen,

718 1975 422 42 enclave Sainte-Marie.

354 2024 858 71 473. La Saint-Vivien au XVIIe siècle.

445 1189 957 61 MORAINE (LOUIS-PIERRE-RÉNÉ DE),

474 1245 908 71 A Paris, rue d’Enfer, 110; élève de M. Charlet.

356 1324 1090 61 469. La Promenade dans le Parc (aquarelle).

354 1376 1152 89 470. Allégorie de la naissance du Prince Impérial

538 1449 275 71 (aquarelle).

354 1488 1104 91 471. Camp des Lanciers de la Garde Impériale,

524 1569 721 65 Alfort (août 1859), aquarelle.

351 1627 1145 93 472. Camp des Turcos, à Saint-Maur, près Vin¬

521 1693 724 65 cennes ( août 1859), aquarelle.

625 759 602 91 MONGODIN (VICTOR),

452 846 945 71 A Paris, rue Oudinot, 23; élève de M. de Rudder.

663 911 589 62 Médaille à Saint-Quentin, en 1859.

357 968 630 76 467. Le Joueur de Guitare.

369 1047 469 58 468. Les trois Amis.

387 2429 1099 96 La reine discutait théologie avec le roi, pour le distraire de

838 374 220 79 — 66 —
