1874 3037
797 2113 362 93 MOZIN (CH.),

678 2199 608 76 A Trouville-sur-Mer (Calvados).

420 2265 891 116 482. La Visite à bord (vue de la Meuse).

422 2375 631 84 483. Le Retour du Marché.

427 2441 405 88 484. Marée basse.

719 1665 510 109 MOYSE (CLAUDE),

503 1769 945 93 Sculpteur à Rouen, rue des Fossés-Louis VIII, 21.

415 1857 635 74 480. Le Penseur (marbre).

407 1923 788 83 481. Le Jour et la Nuit (marbre).

395 521 301 61 475. Rome.

433 561 1104 76 Michel-Ange, chargé de faire des fouilles sur le forum,

395 612 1137 61 montre au Pape Paul III et au Cardinal Farnèse, une statue en

387 650 1155 81 bronze, doré que l'on vient de découvrir. Au fond, l'arc-de-

389 703 758 63 triomphe de Septime Sévère, le Capitole.

395 756 519 76 476. Milan (1859).

427 817 1112 73 Les Dames Milanaises allèrent chercher les blessés français

402 863 1140 88 sur lé champ-de-bataille de Magenta, et les ramenèrent dans

392 923 605 58 leurs maisons pour les y soigner.

858 961 590 84 ( BALZANCOURT, Guerre d’Italie.)

574 1154 778 75 MOULIGNON (LÉOPOLD DE),

410 1212 1111 111 à Paris, rue de Bruxelles, 28; élève de MM. Picot et Paul

866 1280 207 48 Delaroche.

405 1348 534 84 477. Souvenir d’Alger.

412 1417 540 76 478. La Leçon donnée.

407 1470 1135 116 479. Etude d'une vieille Maison de Saint-Valery-

589 1557 207 89 en-Caux.

805 384 281 66 — 67 —
