1833 3037
675 2004 456 81 PAIN (EUGÈNE),

334 2072 1144 107 A Rouen, rue du Champ-du-Pardon, 14; Professeur à l’Ecole

389 2133 1028 84 municipale de Peinture et de Dessin de Rouen; élève de

519 2176 751 91 MM de Chaumont et E.-H. Langlois.

331 2217 1139 98 Médailles de bronze, 1839, 1841; — d'argent, 1845; — Mention hongrable

369 2267 1076 101 de l’Académie de Beaux-Arts et Sciences, 1846; — Rappel de Médaille

779 2320 253 61 d’argent, 1858.

339 2361 1142 162 491. Souvenirs des bords du Loiret, près de sa

509 2432 156 70 source.

685 443 530 120 NAVLET (JOSEPH),

377 531 1149 111 A Paris, route de Choisy-le-Roi, 23; élève de M. Abel Pujol;

582 609 742 81 Pensionnaire de Châlons-sur-Marne.

415 652 1078 109 Médaille de 1re classe, à Châlons (Société Académique de la Marne).

381 735 581 84 485. Retour de Golgotha.

379 797 1137 131 486. Passage de la Sesia par l’armée française

559 870 501 79 (campagne de 1859).

622 1032 626 86 ORTMANS (AUGUSTE),

577 1098 721 84 A Fontainebleau , rue Saint-Merry, 67;

366 1148 356 76 487. Le Grand.

394 1209 1130 122 Partie de grande forêt, des hommes chargeant des pièces de

369 1267 458 69 bois sur un char à bœufs.

367 1318 812 101 488. Lisière de Bois, avec Animaux.

627 1470 608 116 ORVAL (FRANCIS D’),

501 1561 840 96 A Touques (Calvados); élève de M. Mozin.

354 1619 722 122 489. Le Printemps (aquarlle).

498 1710 347 64 (Fait à Lisieux.)

341 1753 610 104 490. Le Puits (aquarelle).

496 1842 790 99 (Fait à Pierrefitte, près de Pont-Lévêque.)

815 369 266 66 — 68 —
