1874 3037
552 1457 797 71 PASSOT (GABRIEL-ARISTIDE),

369 1533 1152 74 Peintre en miniature à Paris, rue du Faubourg-Poissonnière, 19;

400 1599 1085 49 élève de M. Fréd. Milet, Mme de Mirbel et Dubufc, père.

363 1645 1174 56 3e Médaille d'or, 1834; — 2e Médaille d’or, 1837 et 1848; — 1re Médaille

402 1693 1087 43 d’or, 1841 ; — Chevalier de la Légion-d’Honneur, le 16 juillet 1852.

372 1741 1147 86 495. Portrait de S. A. I. le Prince Jérôme Napoléon.

554 1822 281 63 (miniature.)

379 1872 1148 81 496. Portrait de S. E. le Président du Conseil

547 1943 435 63 d’Etat (miniature).

369 2006 1130 79 497. Portrait de M. Drouyn de Lhuys (miniature).

369 2080 1142 66 498. Portrait de M. le Duc de Bassano, grand

534 2136 891 68 Chambellan de l’Empereur (miniature.)

366 2201 1142 71 499. Portrait de Mme la comtesse Jenny D. P. N...

548 2264 270 67 (miniature).

374 2323 1142 81 500. Etude de Femme (réminiscence du temps de

548 2387 505 101 Louis XV, miniature).

387 936 1145 104 PARMENTIER (ERNEST-EDMOND-EDOUARD),

450 1035 1008 76 A Paris, rue Saint-Louis-en-l'Ile, 5; élève de M. Emile

864 1106 175 53 Lecomte.

379 1164 1153 76 494. Vue intérieure de la salle de la Céramique,

557 1229 975 81 au musée des Thermes, et de l’hôtel de

565 1289 157 64 Cluny.

691 445 557 101 PAPELEU (VICTOR),

687 551 542 59 A Paris, quai Malaquais, 21.

660 604 606 61 Deux Mentions honorables, 1857-1859.

379 685 859 74 492. Vue prise à Cayeux ( Picardie).

395 749 769 81 493. Une Ferme dans les Landes.

835 321 264 91 — 69 —
