1833 3037
567 458 673 81 PELLETIER (LAURENT),

524 539 758 68 A Paris, rue Fontaine-Saint-Georges, 47,

392 592 1030 60 Médailles de 3e classe, à Paris, en 1841, et de 2e classe, en 1846;.

425 640 972 55 — Médailles d’argent, à Rouen, en 1843, et de vermeil en 1858.

324 678 1103 88 501 Le Coup de Vent. (Pastel).

324 739 1063 98 502. Une Chanmière. d°.

324 822 1063 99 503. Un Lac (souvenir des Alpes). d°.

329 893 1060 99 504. Peupliers (effet de soir).   d°.

329 964 1071 86 505. Souvenir de la Nied. d°.

475 1546 831 71 PELLETIER (ANTOINE-JULES),

326 1607 1109 91 A Paris, rue de Rivoli, 194, et rue Oudinot, 23; élève de

732 1665 293 62 M. de Rudder.

380 1718 999 55 Mention honorable, à Paris, en 1857; — Médaille de 2e classe,

779 1758 231 61 à Dijon, 1858.

312 1803 557 73 508. Corbeille de fleurs.

321 1862 554 81 509. Portrait de Mme P.

317 1943 533 73 510. Groupe de Fleurs.

316 2006 744 81 511. Roses cent feuilles (étude).

503 2179 752 83 PETIT (ANTOINE-BAPTISTE),

459 2257 820 62 A Versailles, rue de Savoie, 2; élève de Gué.

455 2314 859 68 Mention honorable, en 1855, à l’Exposition universelle.

319 2358 1136 101 512. Interieur du Cloître Saint-Wandrille (Nor¬

491 2424 197 99 mandie).

572 1110 651 91 PELLETIER (Mme L.),

319 1189 1146 111 A Paris rue Fontaine-Saint-Georges, 47; élève de M. Maréchal,

792 1257 204 53 de Metz.

316 1300 863 86 506. Fruits. (Pastel).

322 1380 764 71 507. Raisins et Vigne vierge d°.

789 331 249 73 — 70 —
