1833 3037
400 437 767 79 523. Le Départ pour les champs.

397 501 663 96 524. Basse-Cour (intérieur).

401 578 366 66 525. Fenaison.

408 642 334 76 526. Canards.

681 2186 478 79 RADOU (FÉLIX),

346 2247 1142 99 A Montivilliers; élève de l’Académie de Peinture de Rouen.

347 2316 453 68 534. Nature morte.

352 2385 448 110 535. Nature morte.

671 1505 527 82 RABEL (GUSTAVE),

465 1581 940 84 Né à Rouen, y demeurant, rue des Arsins, 3, élève

766 1648 344 69 de M. Malençon.

356 1698 1044 91 529. Le Yacht le Muguet, entrant à Fécamp.

356 1771 1157 91 530. Vue de Rouen (prise des prairies de Sotteville)

356 1844 1152 97 531. Goëlette de plaisance la Ninon (vue par le

545 1908 197 60 travers).

354 1965 579 74 532. Yacht de plaisance.

356 2039 565 71 533. Yacht de plaisance.

562 1169 789 78 PROTAIS (ALEXANDRE-PAUL),

712 1248 479 62 A Paris, rue de Douai, 69.

744 1304 408 72 Mention honorable, 1859.

369 1346 1152 101 528. Le ravin du Carénage (souvenir de Crimée).

691 797 569 76 POUSSIN (CHARLES),

420 855 1096 96 A Paris, rue Lafayette, 34, et à Préau, près Pont-Audemer;

708 918 509 63 élève de M. Léon Cogniet.

832 971 271 83 Mention en 1855.

389 995 461 113 527. Le Tir à l'Oie.

883 344 215 50 — 72 —
