1874 3037
675 2191 440 95 RAVEL (JULES),

400 2272 982 96 A Paris, rue Laffitte, 29; élève de M. Léon Cogniet.

509 2348 762 69 Médaille de bronze à l’Exposition de Rouen, 1858.

329 2409 1139 126 547. Charles IX obsédé par Catherine de Médicis et

501 2480 519 81 le cardinal de Lorraine.

607 1867 573 79 RATHELOT (JULES),

420 1933 944 129 A Paris, rue Jacob, 19, et à Rouen chez M. Legrip.

329 2027 737 101 546. Portrait de Mlle R. (pastel).

569 541 707 79 RAMUS (EDMOND-JOSEPH),

334 599 1157 117 Graveur en taille-douce à Montfermeil, place d'Armes; élève de

673 680 486 74 l’Ecole des Beaux-Arts,

334 739 1144 91 536. Costume de Rémouleur arabe (d’après Karl

518 808 250 67 Girardot).

329 870 1149 89 537. Costume de Guide de l’île de Sardaigne

526 933 513 67 (d’après Comte Calix).

329 992 1157 93 538. L’Entente cordiale (d’après le panneau peint

523 1064 663 74 par Defranc, de Liège, 1720).

329 1118 1152 101 539. Portraits de l’Impératrice Eugénie et de la

516 1179 448 67 Princesse Mathilde.

332 1245 1025 91 540. Portrait de Louis 1er, infant d’Espagne.

326 1313 1147 104 541. Portrait de la reine Anne, quatrième femme

511 1376 343 66 de Philippe II.

324 1434 1167 89 542. 2 Vignetes pour le don Quichotte (traduction

503 1498 760 73 de Charles Furne, éditée par lui).

324 1553 1144 104 543. 1 Vignette pour l’Histoire du Christianisme.

329 1638 1082 79 544. 1 Vignette pour le Roman de Boucaniers.

331 1698 1031 101 545. 2 Vignettes pour l’Echo des Feuilletons.

802 427 233 53 — 73 —
