1874 3037
555 1432 645 71 RIVOULON (ANTOINE,

447 1510 852 64 A Paris rue de Fleurus, 1; élève de M. Picot.

395 1564 967 68 Médaille de 3e classe, en 1847; — Rappels, en 1855 et 1859.

305 1626 979 73 558. Une Episode de la Guerre de Crimée.

346 1688 1100 75 Le commandant du 19e bataillon de Chasseurs à pied visitant

317 1747 623 56 une embuscade devant Sébastopol.

516 2245 731 81 ROUSSIN (VICTOR-MARIE),

367 2310 1025 86 A Paris, rue d'Amsterdam, 46; élève de M. Luminais.

477 2382 809 79 Plusieurs Médailles aux Expositions départementales.

327 2448 594 91 561. Coquetterie (genre).

616 1855 518 107 ROBERT (ANNET),

445 1946 874 81 A Paris, rue de Lille, 49; élève de M. Alaux.

314 2024 671 76 559. La Cassette (panneau).

315 2102 525 62 560. Heur et malheur.

675 1034 412 82 RIGO (JULES),

303 1108 1153 91 A Paris, rue du Faubourg-Poissonnière, 65; élève de M. Léon

798 1174 174 50 Cogniet.

382 1197 993 86 Mdaille de 3e classe, 1857; — Médaille de 2e classe, en 1859.

317 1280 815 71 557. Une jeune Mère (tête d'étude).

501 462 734 93 RICOIS (FRANCOIS-EDME),

349 546 1038 79 A Paris, rue de Grenelle-Saint-Germain, 174; élève de

531 604 691 59 MM. Victor Bertin et C. Bourgeois.

326 647 1092 66 Médaille d'or à l'Exposition de Paris, en 1824; — Grandes Médailles

369 695 1013 59 d’argent aux Expositions de Douai, Valenciennes, Lille, Boulogne,

683 739 400 45 Toulouse, Bordeaux, etc.

303 751 1140 109 556. Vue de l'ancienne Eglise de Mareil-Marly,

493 835 963 71 près de Saint-Germain-en-Laye (Seine-et-

489 887 814 71 Oise), effet du déclin du jour en été.

764 369 228 51 — 75 —
