1833 3037
541 2032 679 81 SAINT-MARTIN (PAUL),

339 2125 1081 79 A Paris, rue Guénégaud, 19; élève de M. Paul Delaroche.

306 2181 1149 74 Médaille d’argent de l’Académie des Sciences, Belles-Lettres et Arts de Rouen,

384 2224 990 96 en 1852; —  Médaille d'argent (Exposition de Louviers), 1858.

305 2294 673 79 567. Une Matinée (paysage).

311 2353 1162 101 568. Vue prise aux environs de Châtillon-sur-Loing

483 2422 210 75 (Loiret).

516 1531 767 96 RUDDER (LOUIS-HENRI DE),

357 1618 1067 75 A Paris, boulevard des Invalides, 12; élève de MM. Gros

789 1677 216 66 et Charlet.

324 1728 1136 89 Médailles de 3e et de 2e classe, à Paris; — à Rouen, Médailles en 1841.

838 1791 121 56 et 1847.

319 1844 475 89 566. Ame en peine.

1020 1852 349 127 Elle a tant pleuré!

668 640 532 99 ROZIER (AMÉDÉE),

384 731 1076 109 A Paris, rue Berthe, 21; élève de MM. Durand-Brayer

754 789 334 58 et Léon Cogniet.

346 830 694 114 563. Clair de Lune (marine).

344 916 990 103 564. Crépuscule (environs de la Rochelle).

556 1088 709 93 ROZIER (JULES-CHARLES),

394 1169 1031 104 A Paris, élève de MM. Jean-Victor Bertin, et de Paul

801 1233 211 52 Delaroche.

334 1275 1149 119 565. Bords de la Seine à Carrière-Saint-Denis

523 1359 344 63 (Seine-et-Oise).

835 346 210 71 — 76 —

372 437 681 104 562. La Récolte des Pommes.
