1874 3037
597 2164 565 73 SAVARY (AUGUSTE),

427 2250 899 71 A Paris, rue du Roule, 5; élève de M. Boissier.

308 2320 1150 112 579. Vue prise aux gorges d’Apremont (forêt de

491 2389 367 70 Fontainebleau).

319 2454 916 112 580. Groupes d’Arbres (effet de matin).

585 1079 605 81 SALMON (THÉODORE),

362 1156 1084 84 A Paris, rue des Bois, 6 (quartier d'Amérique); élève de

795 1213 201 54 M. Paris.

487 1267 807 52 Médaille d’argent à la dernière Exposition de Rouen.

324 1331 901 78 572. Pâturage dans la vallée de l’Eure.

321 1394 909 91 573. Pâturage dans la vallée de l’Eure.

325 1479 416 58 574. Basse-Cour.

324 1533 616 86 575. Gardeuse de Dindons.

557 1708 686 83 SALIZMANN (GUSTAVE),

602 1788 561 66 A Paris, rue des Martyrs, 24.

314 1847 1020 91 576. Vallée du Poussin (environs de Rome).

315 1930 964 77 577. Aqueduc dans la campagne de Rome.

314 1991 1157 122 578. Vallée de l'Isola Farnèse (environs de Rome).

597 485 595 107 SALABERT (FIRMIN),

361 598 1045 68 A Paris, boulevard Montmartre, 16; élève de M. Ingres.

319 665 1162 86 569. Entrée du Château de Favre, président du

508 739 856 72 Sénat de Savoie (environs d’Annecy).

316 802 1152 76 570. Intérieur d’un Village, au pied du Mont-Egu

516 863 228 63 (Savoie).

321 923 729 96 571. Une Chaumière en Savoie.

777 404 241 61 — 77 —
