1874 3037
660 2225 527 75 SOULIÉ (HENRI),

471 2295 914 61 A Paris, rue de Fleurus, 21; élève de M. Gleyre.

587 2346 676 78 1re Médaille d’argent, Exposition de Blois.

357 2411 627 64 597. L’Oracle des Champs.

401 2480 676 79 Jeunes filles effeuillant la marguerite.

548 479 757 109 SEVESTRE (JULES-MARIE),

398 575 1053 76 A Paris, rue de Chabrol, 18; élève de M. Léon Cogniet.

341 635 1168 73 590. Paquette la Champfleurie porte Esméralda

526 693 975 58 chez les bohémiens, pour lui faire dire sa

528 749 375 54 bonne aventure.

392 797 1102 66 « La pauvre Champfeurie fut prise de curiosité, et voulut sa¬

352 857 1147 46 voir si sa jolie petite Agnès ne sérait pas un jour impératrice

346 895 1155 51 d’Arménie ou d’autre chose. Elle la porta donc aux Egyptiens,

352 938 1142 51 et les Egyptiennes d’admirer l’enfant, de la carresser, de la

349 981 1157 61 baiser de leurs bouches noires, et de s’émérveiller sur sa petite

349 1022 780 56 main; hélas ! à la grande joie de la mère.

658 1068 763 74 (Victor Hugo, Notre-Dame-de-Paris). ».

352 1136 1157 76 591. Un coin de Landes (vue prise aux environs

535 1192 317 64 de Breteuil).

658 1319 535 83 SIEURAC (HENRI),

420 1384 1026 73 A Paris, rue Duperré, 19; élève de M. Paul Delaroche.

359 1450 1142 60 592. Une Fête à la cour d’Henri VIII d’Angleterre.

395 1505 1104 104 A gauche, Henri VIII et Anne Boleyn; à droite, groupe de

362 1570 315 44 musiciens italiens.

478 1693 886 83 SINET (LOUIS-RÉNÉ-HIPPOLYTE),

354 1753 1145 107 A Villennes, par Poissy (Seine-et-Oise); élève de M. Couture.

359 1830 621 61 593. Famille Beauceronne.

354 1875 1099 93 594. Intérieur de l’Eglise Saint-Gervais, à Paris.

356 1970 591 63 595. La Leçon de lecture.

352 2024 1144 81 596. Femmes de Courgain (Saint-Valery-sur-

555 2097 206 67 Somme).

807 374 241 91 — 79 —
