1833 3037
805 389 265 69 — 80—

611 489 675 101 STATTLER (STANISLAS),

420 574 1025 81 A Paris, rue de Navarin, 16; élève de M. Louis Roux.

377 642 886 114 598. L’Aelier de M. Louis Roux, 1860.

703 812 459 86 STOCK (HENRI),

464 899 952 52 A Paris, rue Duperré, 17; élève de M. T. Gudin.

362 946 1151 89 599. Route de la Corniche(Piémont), effet de so¬

543 1019 257 52 leil levant.

359 1070 1157 76 600. Entrée d’un Port de la Manche, par un gros

546 1142 166 64 temps.

675 1278 512 70 SUTTER (DAVID),

644 1358 579 47 A Paris, rue Saint-Lazare, 45.

367 1394 1146 71 Auteur de la Philosophie des Beaux-Arts et d'une nouvelle

407 1460 1109 58 Théorie simplifiée de la perspective, (ouvrages approuvés

405 1503 764 50 par l’Académie impériale des Beaux-Arts).

362 1533 1149 81 Médaille d’argent, à Rouen, en 1845; — Rappel de Médaille, en 1847.

359 1609 1167 66 601. Le Dormoir des Gorges d’Apremont (forêt de

541 1665 367 61 Fontainebleau).

362 1715 1144 89 602. Route allant aux gorges d’Apremont ( d°. ).

364 1801 1137 71 603. Plateau de Belle-Croix.  ( d°. ).

362 1870 1146 88 604. Intérieur de Forêt au Bas-Bréau ( d°. ).

374 1948 1147 71 605. Rochers du Dormoir ( d° ).

524 2095 815 76 TAMIZIER (CLAUDE-AUGUSTE),

681 2178 495 54 A Paris, rue de Laval, 22.

367 2227 1144 76 606. Entrée de la vallée de Fontanat (Puy-de-

551 2295 499 63 Dôme), effet de matin.

364 2356 1144 78 607. Vue prise dans la vallée de Rochetaillée, près

541 2422 579 59 de Saint-Etienne (Loire).

379 2477 1134 84 608. Le Retourde la Pêche, bords du Lignon (Loire).
