1874 3037
547 1910 595 96 THOMAS (JEAN-LOUIS),

552 1996 569 76 A Paris, rue de l’Université, 36.

258 2062 1144 106 612. Sources de la Thür, près Wildeustein (Haut-

448 2148 147 61 Rhin).

263 2181 853 116 613. Marais de Sacy-le-Grand (Oise).

263 2287 1139 94 614. Vue prise à Royat (Puy-de-Dôme), aquarelle.

270 2366 1122 86 615. Vue d’Erstein (grand-duché d’Oldenbourg)

455 2429 221 132 aquarelle.

557 966 557 75 THIRION (EUGÈNE),

273 1055 1117 93 A Paris, rue Bayard, 7 (Champs-Elisées); élève de M. Picot.

254 1145 870 83 610. Cincinnatus, Dictateur de Rome.

286 1204 1122 69 Dans la guerre contre les Eques, en l’an de Rome 296, Minu

260 1255 1163 61 cius général de l’armée romaine, s’étant laissé envelopper par

260 1295 1168 64 l’ennemi, le péril devint si imminent, qu’il obligea le Sénat à

263 1336 1145 63 nommer un Dictateur. On jeta les yeux sur Quintius Cincinnatus.

260 1376 1148 64 Les députés envoyés par le Sénat le trouvèrent occupé à labou¬

268 1419 1145 61 rer son champ. Ils lui présentèrent le décret lui offrant la dic¬

258 1462 1082 64 tature, qu’il accepta, et il se rendit immédiatement à Rome.

303 1510 1127 74 Parti à la tête des citovens, il délivra l’armée romaine, rentra

263 1561 1142 71 vainqueur à Rome et abdiqua les seizième jour. Puis il alla re¬

268 1614 572 59 prendre ses travaux de culture.

255 1657 1170 109 611. Etude dans la forêt de Fontainebleau (la

445 1720 418 84 Gorge aux Loups).

398 482 866 91 TESTARD (JACQUES-ALPHONSE),

268 566 1122 92 A Paris, rue des Fossés-Saint-Bernard, 32; élève de M. Van¬

731 624 200 45 derburch.

251 668 392 77 609. L’Anxiété.

294 726 1114 78 Un homme et une femme attendent avéc inquiétude l’issue d’un

283 789 947 63 combat naval: on voit au loin deux vaisseaux en lutte.

719 361 223 92 — 81 —
