1833 3037
868 364 213 83 — 82 —

774 475 405 104 TIMBAL (CH.),

698 579 542 84 A Paris, rue de l’Abbaye, 13.

396 652 787 85 616. Les Funérailles d’un Martyr.

425 728 1118 74 Un famille patricienne fait enlever un de ses esclaves marty¬

384 787 1152 60 risé sur la voie Latine. On aperçoit dans le lointain les monu¬

384 826 686 56 ments funéraires de la voie Appienne.

391 884 636 70 617. Savonarole en prières.

673 1062 567 92 TRONVILLE (F.-J.),

443 1152 1016 79 A Paris, rue Miromesnil, 43; élève de M. Lepoittevin.

536 1221 829 83 Médaille d'argent (Genre), Exposition de Rouen, 1847.

374 1298 1152 106 618. Sauvetage le Naufragés à la côte de Bre¬

565 1366 150 64 tagne.

384 1427 431 88 619. Effet d’Hiver.

653 1599 572 81 VALENTINI (HENRI),

364 1665 1147 116 Graveur à Paris, rue des Saints-Pères, 40; élève de MM. David

754 1749 356 51 d’Angers et Rude.

362 1807 1149 88 620. Buffle (pour le Ministère de l’Agriculture),

568 1871 166 69 gravure.

359 1918 1149 96 621. Scène de Bal masqné (d’après Louis Duveau),

556 2001 907 74 gravure à trois planches, épreuve unique.

354 2062 1147 101 622. Trois Types de race (d’après C. Cordier), gra¬

543 2132 122 47 vure.

354 2179 1149 121 623. Trois Types grecs (d’après C. Cordier), gra¬

543 2250 118 53 vure.

356 2292 1140 92 624. Statue de Napoléon 1er (en bronze, par Le

546 2370 664 69 Veel), gravure avant la lettre.

356 2427 1102 134 625. Portrait de Pie IX (gravure avant la lettre).
