1874 3037
617 1822 585 93 VANONI (FRÉDERIC),

557 1930 700 62 A Rouen, rue de Crosne-en-Ville, 13.

329 1991 1155 89 632. Page paléographique enluminée sur parchemin

529 2067 400 71 (style XVe siècle).

327 2136 507 70 633. Aquarelle sépia.

327 2203 559 66 634. Aquarelle coloriée.

321 2270 1163 65 635. Dessin à la mine noire (tiré des contes de

516 2335 215 55 Boccace).

334 2376 1152 111 656. Dessin à la mine de plomb, représentant la

525 2458 592 82 Porte d’Annibal, en Italie.

541 1113 763 81 VALTON (EDMOND-EUGÈNE),

374 1202 1072 86 A Médan, par Triel (Seine-et-Oise), élève de MM. Fossey

807 1265 221 49 er Couture.

341 1336 698 67 628. Petits joueurs de Dames.

334 1402 1160 73 629. Blessé Français à Milan (souvenirs de la

523 1469 454 61 campagne d’Italie).

337 1521 1035 78 630. Le Fromage en danger (nature morte).

339 1606 1069 72 631. Les bords de la Loire, à Meung (paysage).

555 480 748 88 VALENZANO (FRÉDÉRIC DE),

476 583 899 68 A Paris, rue Duperré, 4; élève de M. Palizzi.

432 644 994 52 Admis au Salon de 1859. — Tableau vendu au Gouvernement.

346 698 1148 89 626. Avant-Garde des Zouaves sur une route d’Ita¬

528 776 420 60 lie, près de Milan.

344 825 1145 83 627. Campement de Troupes, révenant d’Italie.

547 898 379 81 (Maison Alfort.)

815 356 218 81 — 83 —
