1833 3037
744 402 258 58 — 84 —

506 473 737 119 VÉRON (ALEXANDRE-RÉNÉ),

313 589 1084 74 A Paris, rue des Martyrs, 14; élève de M. Honoré Dela¬

794 652 136 44 roche.

573 705 574 45 Médaille d’argent, à Rouen, en 1858.

288 774 1028 66 637. L’Incendie à Marlotte (Seine-et-Marne).

286 841 963 68 638. Une Ferme à Auvers (Seine-et-Oise).

286 900 1159 84 639. Arbres fruitiers dans la plaine de Marlotte

474 992 393 59 (Seine-et-Marne).

455 1148 808 117 VEYRASSAT (JULES-JACQUES),

617 1263 490 56 A Paris, rue Mogador, 20.

288 1310 1139 102 640. Le Repas dans les champs (environs de Paris).

297 1523 1136 79 VIGER-DUVIGNAU (JEAN-LOUIS-HECTOR),

316 1607 1071 86 A Paris, rue de l’Ouest, 36; élève de MM. Paul Delaroche

731 1672 238 54 et Drolling.

276 1746 714 67 641. L’Education de la Vierge.

278 1818 312 61 642. Thisbé.

319 1832 1108 116 « Une fente légère existait, depuis sa construction, dans le

270 1936 762 58 mur qui séparait sa demeure de Pyrame.

319 1994 1103 55 ...... Vos yeux, tendres amants, furent les premiers à la

270 2039 1152 48 découvrir; elle servit de passage à votre voix, et par elle un

270 2082 1157 66 doux murmure vous transmit sans danger vos amoureux trans¬

281 2124 108 50 ports.

638 2148 678 71 OVIDE (Métamoprphose, livre IV).

275 2220 643 64 643. Le Moineau de Lesbie.

308 2280 1109 63 Moineau, délices de ma maîtresse, qui joues avec elle, qu'elle

268 2333 1149 56 cache dans son sein, qu’elle agace avec le doigt...., lorsqu’elle

268 2378 1152 51 cherche, en m’attendant, quelque agréable distraction, et cela je

285 2421 834 67 pense, pour alléger sa douleur et calmer......

886 2466 420 76 CASULLE ( Elégie II).
