1874 3037
868 2242 69 63 X.

712 2330 393 59 Professeur d’anglais.

339 2401 1132 89 654. The Lock (l’Ecluse), d’après John Constable,

535 2470 356 69 (mine de plomb).

541 1631 703 79 WASHINGTON (GEORGES),

486 1732 810 68 A Paris, rue Carnot, 5; élève de M. Picot.

322 1807 1006 77 650. Une Caravane dans le Sahara algérien.

321 1872 1150 89 651. Bords de l’Oued-R’ir, près de Tuggurth (Al¬

516 1947 375 62 gérie), panneau.

324 1989 1147 93 652. Nomades dans les oasis de Sidi-Okba (Algérie).

334 2082 1079 70 653. Une Rue de Constantine (Algérie), panneau.

607 767 579 98 VILLAIN (EUGÈNE),

341 852 1082 119 A Vaugirard, rue de la Procession, 4; élève de M. Charlet.

317 968 385 64 646. La lecture.

320 1030 922 71 647. Déjeûner d’Huitres (nature morte).

324 1101 967 73 648. Dessert de Pâtisserie (nature morte).

489 1290 795 96 WACQUEZ (ADOLPHE-ANDRÉ),

395 1386 989 68 A Barbison (Seine-et-Marne); élève de M. Delacroix.

325 1454 669 67 649. Forêt de Fontainebleau.

749 399 246 76 — 85 —

308 488 623 101 644. Portrait de Mme D...

319 582 590 78 645. Portrait de M. D...
