1833 3037
384 513 1167 79 655. The Corn Field (le Champ de Blé), d’après

574 571 775 76 John Constable, (mine de plomb).

384 637 990 71 656. Un Groupe d’Arbres (mine de plomb).

391 710 866 67 657. Locking South (Petra), aquarelle.

430 771 1106 66 Petra, antique capitale des Nabathéens, est située au milieu

387 819 1149 59 des déserts de l’Arabie Pétrée. Les ruines, qui existent encore

389 865 1142 53 aujourd’hui sous le nom de Karek ou d’Asché, consistent en

382 903 1157 71 d’innombrables tombeaux taillés dans le roc vif, et en d’autres

389 949 427 50 ouvrages d’architecture.

478 1323 970 84 VIGER-DUVIGNEAU (Mme PERRINE),

693 1394 524 73 A Paris, rue de l’ouest, 36.

389 1456 434 70 658. Nature morte.

392 1488 866 119 659. Le Château de Gamey (côte d'Or).

711 1105 501 107 SUPPLÉMENT.

855 409 233 66 — 86 —

389 2414 1102 91 ROUEN, Ve A. Surville, impr. de la Cour impériale et de la Mairie,

681 2475 529 76 rue des Bons-Enfants, 46-48.
